@article{safe-nested-subgame, 
  author          = {Noam Brown and Tuomas Sandholm}, 
  title           = {Safe and Nested Subgame Solving for Imperfect-Information Games}, 
  journal         = {arXiv preprint arXiv:1809.04040}, 
  year            = {2009}
}
@article{discounted-regret,
  author          = {Noam Brown and Tuomas Sandholm},
  title           = {Solving Imperfect-Information Games via Discounted Regret Minimization},
  journal         = {arXiv preprint arXiv:1809.04040},
  year            = {2009}
}

@article{aviat,
  author          = {Neil Burch and Martin Schmid and Matej Moravcik and Dustin Morill1 and Michael Bowling},
  title           = {AIVAT: A New Variance Reduction Technique for Agent Evaluation in Imperfect Information Games},
  journal         = {arXiv preprint arXiv:1612.06915},
  year            = {2012}
}

@article{depth-limited-solving,
  author          = {Noam Brown, Tuomas Sandholm, and Brandon Amos},
  title           = {Depth-Limited Solving for Imperfect-Information Games},
  journal         = {arXiv preprint arXiv:1805.08195},
  year            = {2005}
}

@phdthesis{time-and-space,
  author      = {Neil Burch},
  title       = {Time and Space: Why Imperfect Information Games are Hard},
  school      = {University of Alberta},
  year        = {2017}
}

@article{headsup-limit-solved,
  author          = {Michael Bowling and Neil Burch and Michael Johanson and Oskari Tammelin},
  title           = {Heads-Up Limit Holdâ€™em Poker Is Solved},
  journal         = {Science},
  volume          = {347},
  number          = {6218},
  year            = {2015}
}

@article{cfr-intro,
  author          = {Todd W. Neller and Marc Lanctot},
  title           = {An Introduction to Counterfactual Regret Minimization},
  journal         = {Model AI Assignments},
  year            = {2013}
}

@article{cfr-plus,
  author          = {Oskari Tammelin},
  title           = {Solving Large Imperfect Information Games Using CFR+},
  journal         = {arXiv preprint arXiv:1407.5042},
  year            = {2007}
}

@article{alphago,
  author          = {Sam Byford},
  title           = {Google's AlphaGo {AI} beats {Lee Se-dol} again to win {Go} series 4-1},
  journal         = {The Verge},
  year            = {2016}
}

@article{texasholdemaiwin,
  author          = {Douglas Heaven},
  title           = {No limit: {AI} poker bot is first to beat professionals at multiplayer game},
  journal         = {Nature},
  year            = {2019}
}

@article{chessai,
  author          = {Patrick Gebhardt},
  title           = {The History of Chess {AI}},
  journal         = {Paessler},
  year            = {2019}
}

@article{regret-min-incomplete-information,
  author          = {Martin Zinkevich and Michael Johanson and Michael Bowling and Carmelo Piccione},
  title           = {Regret Minimization in Games with Incomplete Information},
  journal         = {NeurlPS Proceedings},
  year            = {2007}
}